% Encoding: UTF-8

@Article{moreto14numero-medio,
  author   = {Moreto, A.},
  title    = {{The average number of Sylow subgroups of a finite group}},
  journal  = {Mathematische Nachrichten},
  year     = {2014},
  volume   = {287},
  number   = {10},
  pages    = {1183--1185},
  issn     = {1522-2616},
  doi      = {10.1002/mana.201300064},
  url      = {http://dx.doi.org/10.1002/mana.201300064},
  keywords = {Sylow subgroup, Fitting subgroup, solvable group, 20D20},
}

@Article{caracterizacion-hall-nilpotente,
  author  = {Moreto, A.},
  title   = {{Sylow numbers and nilpotent Hall subgroups}},
  journal = {J. Algebra},
  year    = {2013},
  volume  = {379},
  pages   = {80-84},
  doi     = {https://doi.org/10.1016/j.jalgebra.2012.12.030},
  url     = {https://doi.org/10.1016/j.jalgebra.2012.12.030},
}

@Article{dos-numeros-de-sylow,
  author  = {Moreto, A.},
  title   = {{Groups with two Sylow numbers are the product of two nilpotent Hall subgroups}},
  journal = {Arch. Math.},
  year    = {2012},
  volume  = {301-304},
  doi     = {https://doi.org/10.1007/s00013-012-0429-4},
  url     = {https://doi.org/10.1007/s00013-012-0429-4},
}

@Article{Wieland-theorem-hall-nilpotente,
  author  = {Zeng, L.},
  title   = {Two theorems about nilpotent subgroups},
  journal = {SciRes},
  year    = {2011},
}

@Book{Isaacs-Finite,
  author    = {Isaacs, I. M.},
  title     = {Finite Group Theory},
  year      = {2008},
  volume    = {92},
  publisher = {Amer. Math. Soc.},
  doi       = {https://www.ams.org/books/gsm/092/gsm092-endmatter.pdf},
  url       = {https://www.ams.org/books/gsm/092/gsm092-endmatter.pdf},
}

@Article{kaplan2005sylow,
  author    = {Kaplan, G. and Levy, D.},
  title     = {{Sylow products and the solvable radical}},
  journal   = {Archiv der Mathematik},
  year      = {2005},
  volume    = {85},
  number    = {4},
  pages     = {304--312},
  doi       = {https://doi.org/10.1007/s00013-005-1366-2},
  url       = {https://doi.org/10.1007/s00013-005-1366-2},
  publisher = {Springer},
}

@Article{Turull,
  author  = {Turull, A.},
  title   = {{The number of Hall $\pi$-subfroups in $\pi$-separable groups}},
  journal = {Proc. Amer. Math. Soc.},
  year    = {2003},
  volume  = {132},
  number  = {9},
  pages   = {2563-2565},
  doi     = {https://doi.org/10.1090/S0002-9939-04-07412-X},
  url     = { https://doi.org/10.1090/S0002-9939-04-07412-X},
}

@Article{Gabriel-Navarro,
  author  = {Navarro, G.},
  title   = {{Number of Sylow subgroups in $p$-solvable groups}},
  journal = {Proc. Amer. Math. Soc.},
  year    = {2002},
  volume  = {131},
  number  = {10},
  pages   = {3019-3020},
  doi     = {https://doi.org/10.1090/S0002-9939-03-06884-9},
  url     = {https://doi.org/10.1090/S0002-9939-03-06884-9},
}

@Book{Rotman-book,
  author    = {Rotman, J.J.},
  title     = {An Introduction to Theory of Goups},
  year      = {1999},
  publisher = {Springer},
  doi       = {doi.org/10.1007/978-1-4612-4176-8},
  url       = {doi.org/10.1007/978-1-4612-4176-8},
}

@Article{Luca,
  author  = {Luca, F.},
  title   = {{Groups with two Sylow numbers are solvable}},
  journal = {Arch. Math.},
  year    = {1998},
  volume  = {71},
  pages   = {95-96},
  doi     = {https://doi.org/10.1007/s000130050238},
  url     = {https://doi.org/10.1007/s000130050238},
}

@Article{Chiguira,
  author  = {Chigira, N.},
  title   = {{Number of Sylow subgroups and $p$-nilpotence of finite groups}},
  journal = {J. Algebra},
  year    = {1998},
  volume  = {201},
  pages   = {71-85},
  url     = {https://doi.org/10.1006/jabr.1997.7268},
  dooi    = {https://doi.org/10.1006/jabr.1997.7268},
}

@Article{Zhang,
  author  = {Zhang, J.},
  title   = {Sylow numbers of finite groups},
  journal = {J. Algebra},
  year    = {1995},
  volume  = {176},
  pages   = {111-123},
  doi     = {https://doi.org/10.1006/jabr.1995.1235},
  url     = {https://doi.org/10.1006/jabr.1995.1235},
}

@Book{Isaacs-graduate,
  author    = {Isaacs, I. M.},
  title     = {Algebra: A Graduate Course},
  year      = {1994},
  publisher = {Amer. Math. Soc.},
  isbn      = {ISBN-13: 978-0-8218-4799-2},
  doi       = {https://bookstore.ams.org/gsm-100/},
  url       = {https://bookstore.ams.org/gsm-100/},
}

@Article{holt1993products,
  author    = {Holt, D.F. and Rowley, P.},
  title     = {{On products of Sylow subgroups in finite groups}},
  journal   = {Archiv der Mathematik},
  year      = {1993},
  volume    = {60},
  number    = {2},
  pages     = {105--107},
  doi       = {https://doi.org/10.1007/BF01199094},
  url       = {https://doi.org/10.1007/BF01199094},
  publisher = {Springer},
}

@Book{hall1988collected,
  author    = {Gruenberg, K.W. and Roseblade, J.E.},
  title     = {The collected works of Philip Hall},
  year      = {1988},
  publisher = {Oxford University Press, USA},
  isbn      = {0198532547},
  doi       = {https://isbnsearch.org/isbn/0198532547},
  url       = {https://isbnsearch.org/isbn/0198532547},
}

@Article{hall1967number,
  author    = {Hall, M.},
  title     = {{On the number of Sylow subgroups in a finite group}},
  journal   = {Journal of Algebra},
  year      = {1967},
  volume    = {7},
  number    = {3},
  pages     = {363--371},
  doi       = {https://doi.org/10.1016/0021-8693(67)90076-2},
  url       = {https://doi.org/10.1016/0021-8693(67)90076-2},
  publisher = {Elsevier},
}

@Comment{jabref-meta: databaseType:biblatex;}
