% Encoding: UTF-8

@Book{book_profesor_Ideals_varieties_and_algorithms,
  author    = {Cox, David A. and Little, John and O`Shea, Donal},
  title     = {Ideals, varieties, and algorithms: an introduction to computational algebraic geometry and commutative algebra: with 91 illustrations},
  year      = {2006},
  edition   = {2nd ed},
  series    = {Undergraduate texts in mathematics},
  publisher = {Springer},
  isbn      = {0387946802,9780387946801},
}

@Book{book-Noncommutative_Grobner_Bases_and_Filtered-Graded_Transfer,
  author    = {Huishi Li},
  title     = {Noncommutative Grobner Bases and Filtered-Graded Transfer},
  year      = {2002},
  edition   = {1},
  series    = {Lecture Notes in Mathematics 1795},
  publisher = {Springer-Verlag Berlin Heidelberg},
  isbn      = {3540441964,9783540441960},
}

@Book{reid1995undergraduate,
  author    = {Reid, Miles},
  title     = {Undergraduate commutative algebra},
  year      = {1995},
  volume    = {29},
  publisher = {Cambridge University Press},
}

@Book{book-bueno-Grobner_Bases,
  author    = {Becker, Thomas and Weispfenning, Volker and Kredel, H.},
  title     = {Grobner Bases - A Computational Approach to Commutative Algebra},
  year      = {1993},
  edition   = {Corrected},
  series    = {Graduate Texts in Mathematics},
  publisher = {Springer},
  isbn      = {0387979719,9783540979715,9780387979717,3540979719},
}

@Article{paper1985multidimensional,
  author  = {Bose, NK. and Guiver, JP. and Kamen, EW. and Valenzuela, HM. and Buchberger, B.},
  title   = {Multidimensional systems theory},
  journal = {Reidel, Dordrecht},
  year    = {1985},
}

@InCollection{buchberger1979criterion,
  author    = {Buchberger, Bruno},
  title     = {A criterion for detecting unnecessary reductions in the construction of Grobner-bases},
  booktitle = {Symbolic and algebraic computation},
  year      = {1979},
  publisher = {Springer},
  pages     = {3--21},
}

@Comment{jabref-meta: databaseType:biblatex;}
